000000794 LDR   L ^^^^^nam^a22003011^^4500
000000794 001   L 000000794
000000794 003   L MiU
000000794 005   L 19880715000000.0
000000794 006   L m^^^^^^^^d^^^^^^^^
000000794 007   L cr^bn^---auaua
000000794 008   L 880715r19701918enk^^^^^^b^^^|00100^eng^^
000000794 010   L $$a78011026
000000794 035   L $$a(RLIN)MIUG0067181-B
000000794 035   L $$a(CaOTULAS)159818938
000000794 035   L $$a(OCoLC)ocm00067181
000000794 040   L $$aDLC$$cDLC$$dMiU
000000794 0500  L $$aPA47$$b.C45 1970
000000794 082   L $$a091
000000794 1001  L $$aClark, Albert Curtis,$$d1859-1937.
000000794 24514 L $$aThe descent of manuscripts.
000000794 260   L $$aOxford,$$bClarendon Press$$c[1969]
000000794 300   L $$axiv, 464 p.$$c23 cm.
000000794 500   L $$aReprint of the 1918 ed.
000000794 504   L $$aIncludes bibliographical references.
000000794 538   L $$aMode of access: Internet.
000000794 60010 L $$aCicero, Marcus Tullius$$xManuscripts.
000000794 60000 L $$aPlato.$$tCritias$$xManuscripts.
000000794 60000 L $$aDemosthenes$$xManuscripts.
000000794 650 0 L $$aCriticism, Textual
000000794 650 0 L $$aTransmission of texts
000000794 8520  L $$aMiU$$bHATCH$$cGRAD$$hPA 47 .C592d 1969
000000794 970   L $$aBK$$bBook
000000794 971   L $$aMiU
000000794 972   L $$c20040625
000000794 973   L $$aHT$$bavail_ht
000000794 973   L $$aAC$$bavail_circ
000000794 974   L $$umdp.39015004128438$$ric$$d20120530
000000794 998   L $$s9665
