000001118 LDR   L ^^^^^nam^a22002771^^4500
000001118 001   L 000001118
000001118 003   L MiU
000001118 005   L 19880715000000.0
000001118 006   L m^^^^^^^^d^^^^^^^^
000001118 007   L cr^bn^---auaua
000001118 008   L 880715s1970^^^^nju^^^^^^b^^^|00000^eng^^
000001118 010   L $$a73120791
000001118 020   L $$a0137319924$$c5.95
000001118 035   L $$a(RLIN)MIUG0085737-B
000001118 035   L $$a(CaOTULAS)159819321
000001118 035   L $$a(OCoLC)ocm00085737
000001118 035   L $$asdr-nrlf.b170195454
000001118 040   L $$aDLC$$cDLC$$dMiU
000001118 050 4 L $$aRC327$$b.B41
000001118 082   L $$a616.89
000001118 1102  L $$aBehavioral and Social Sciences Survey Committee.$$bPsychiatry Panel.
000001118 24510 L $$aPsychiatry as a behavioral science.$$cEdited by David A. Hamburg.
000001118 260   L $$aEnglewood Cliffs, N.J.,$$bPrentice-Hall$$c[1970]
000001118 300   L $$axii, 114 p.$$c22 cm.
000001118 4900  L $$aA Spectrum book
000001118 504   L $$aIncludes bibliographical references.
000001118 538   L $$aMode of access: Internet.
000001118 650 0 L $$aPsychiatry$$xCongresses.
000001118 7001  L $$aHamburg, David A.,$$d1925-$$eed.
000001118 8520  L $$aMiU$$bBUHR$$cGRAD$$hRC 327 .B41$$xtr. fr. ugl 3-16-93
000001118 852   L $$auc1$$bSDR$$cNRLF
000001118 970   L $$aBK$$bBook
000001118 970   L $$aXC$$bConference
000001118 971   L $$aMiU
000001118 972   L $$c20040625
000001118 973   L $$aHT$$bavail_ht
000001118 973   L $$aAC$$bavail_circ
000001118 974   L $$umdp.39015009397665$$ric$$d20120530
000001118 974   L $$uuc1.$b659404$$ric$$d20101209
000001118 998   L $$s9665
