000001580 LDR   L ^^^^^nam^a22002771^^4500
000001580 001   L 000001580
000001580 003   L MiU
000001580 005   L 19880715000000.0
000001580 006   L m^^^^^^^^d^^^^^^^^
000001580 007   L cr^bn^---auaua
000001580 008   L 880715s1970^^^^enk^^^^^^^^^^|00100^eng^^
000001580 010   L $$a74120936
000001580 015   L $$aB70-19354
000001580 020   L $$a0631126902$$c45/-
000001580 035   L $$a(RLIN)MIUG0113131-B
000001580 035   L $$a(CaOTULAS)159819858
000001580 035   L $$a(OCoLC)ocm00113131
000001580 035   L $$asdr-wu1874523
000001580 040   L $$aDLC$$cDLC$$dMiU
000001580 043   L $$ae-uk---
000001580 050 4 L $$aHD1491.G7$$bD521 1970
000001580 082   L $$a334/.683/0917242
000001580 1001  L $$aDigby, Margaret,$$d1902-
000001580 24510 L $$aAgricultural co-operation in the Commonwealth.
000001580 250   L $$a2nd ed.
000001580 260   L $$aOxford,$$bBlackwell,$$c1970.
000001580 300   L $$a[1], vii, 222 p.$$c23 cm.
000001580 538   L $$aMode of access: Internet.
000001580 650 0 L $$aAgriculture, Cooperative$$zGreat Britain$$xColonies.
000001580 8520  L $$aMiU$$bBUHR$$cGRAD$$hHD1491.G7 D521 1970
000001580 852   L $$awu$$bSDR$$cWU
000001580 970   L $$aBK$$bBook
000001580 971   L $$aMiU
000001580 972   L $$c20040625
000001580 973   L $$aHT$$bavail_ht
000001580 973   L $$aAC$$bavail_circ
000001580 974   L $$umdp.39015030215993$$ric$$d20120530
000001580 974   L $$uwu.89041950478$$ric$$d20120529
000001580 998   L $$s9665
