000001646 LDR   L ^^^^^nam^a22002891^^4500
000001646 001   L 000001646
000001646 003   L MiU
000001646 005   L 19880715000000.0
000001646 006   L m^^^^^^^^d^^^^^^^^
000001646 007   L cr^bn^---auaua
000001646 008   L 880715s1969^^^^onc^^^^^^b^^^^00110^eng^^
000001646 010   L $$a75520445
000001646 015   L $$aC***
000001646 035   L $$a(RLIN)MIUG0117360-B
000001646 035   L $$a(CaOTULAS)159819933
000001646 035   L $$a(OCoLC)ocm00117360
000001646 035   L $$asdr-nrlf-ucscb16742595x
000001646 040   L $$aDLC$$cDLC$$dMiU
000001646 0411  L $$aeng$$hlat
000001646 0500  L $$aPA8395.P36$$bD513
000001646 082   L $$a398.2/0917/4927
000001646 1000  L $$aPetrus Alfonsi,$$d1062-1110?
000001646 24010 L $$aDisciplina Clericalis.$$lEnglish
000001646 24514 L $$aThe scholar's guide.$$bA translation of the twelfth-century Disciplina Clericalis of Pedro Alfonso,$$cby Joseph Ramon Jones and John Esten Keller.
000001646 260   L $$aToronto,$$bPontifical Institute of Mediaeval Studies,$$c1969.
000001646 300   L $$a117 p.$$c20 cm.
000001646 504   L $$aIncludes bibliographical references.
000001646 538   L $$aMode of access: Internet.
000001646 7001  L $$aJones, Joseph Ramon,$$d1935-
000001646 7001  L $$aKeller, John Esten,$$eed.
000001646 8520  L $$aMiU$$bHATCH$$cGRAD$$hPA8395.P48 D63 1969
000001646 8520  L $$aMiU$$bHATCH$$cGRAD$$hPA8395.P48 D63 1969
000001646 970   L $$aBK$$bBook
000001646 971   L $$aMiU
000001646 972   L $$c20040625
000001646 972   L $$c20040625
000001646 973   L $$aHT$$bavail_ht
000001646 973   L $$aAC$$bavail_circ
000001646 974   L $$umdp.39015005879807$$ric$$d20120530
000001646 974   L $$umdp.39015011292607$$ric$$d20120530
000001646 998   L $$cSEP$$s9115
