000001659 LDR   L ^^^^^nam^a22002651^^4500
000001659 001   L 000001659
000001659 003   L MiU
000001659 005   L 19880715000000.0
000001659 006   L m^^^^^^^^d^^^^^^^^
000001659 007   L cr^bn^---auaua
000001659 008   L 880715s1969^^^^nyu^^^^^^b^^^^00110^eng^^
000001659 010   L $$a69019912
000001659 020   L $$a0030771153
000001659 035   L $$a(RLIN)MIUG0118050-B
000001659 035   L $$a(CaOTULAS)159819948
000001659 035   L $$a(OCoLC)ocm00118050
000001659 035   L $$asdr-nrlf.b146119964
000001659 040   L $$aDLC$$cDLC$$dMiU
000001659 0500  L $$aP291$$b.C58
000001659 082   L $$a415
000001659 1001  L $$aCook, Walter Anthony,$$d1922-
000001659 24510 L $$aIntroduction to tagmemic analysis$$c[by] Walter A. Cook.
000001659 260   L $$aNew York,$$bHolt, Rinehart and Winston$$c[1969]
000001659 300   L $$aviii, 210 p.$$c23 cm.
000001659 4900  L $$aTransatlantic series in linguistics
000001659 504   L $$aBibliography: p. 200-204.
000001659 538   L $$aMode of access: Internet.
000001659 650 0 L $$aTagmemics
000001659 8520  L $$aMiU$$bBUHR$$cGRAD$$hP 160 .C77 1969
000001659 8520  L $$aMiU$$bHATCH$$cGRAD$$hP 160 .C77 1969
000001659 970   L $$aBK$$bBook
000001659 971   L $$aMiU
000001659 972   L $$c20040625
000001659 972   L $$c20040625
000001659 973   L $$aHT$$bavail_ht
000001659 973   L $$aAC$$bavail_circ
000001659 974   L $$umdp.39015013397750$$ric$$d20120530
000001659 974   L $$umdp.39015030740339$$ric
000001659 998   L $$s9665
