000003028 LDR   L ^^^^^nam^a22002291^^4500
000003028 001   L 000003028
000003028 003   L MiU
000003028 005   L 19880715000000.0
000003028 006   L m^^^^^^^^d^^^^^^^^
000003028 007   L cr^bn^---auaua
000003028 008   L 880715s1971^^^^nyu^^^^^^^^^^|00011^eng^^
000003028 010   L $$a78156496
000003028 035   L $$a(RLIN)MIUG0208418-B
000003028 035   L $$a(CaOTULAS)159821539
000003028 035   L $$a(OCoLC)ocm00208418
000003028 040   L $$aDLC$$cDLC$$dMiU
000003028 0500  L $$aPZ3.V398$$bMo$$aPS3543.A67
000003028 082   L $$a813/.5/2
000003028 1001  L $$aVarandyan, Emmanuel P.
000003028 24514 L $$aThe Moon sails;$$ba novel,$$cby Emmanuel P. Varandyan.
000003028 250   L $$a[1st ed.]
000003028 260   L $$aDelmar, N.Y.,$$bPinnacle,$$c1971.
000003028 300   L $$a251 p.$$c24 cm.
000003028 538   L $$aMode of access: Internet.
000003028 8521  L $$aMiU$$bBUHR$$cGRAD$$h828 V288mn, 1971
000003028 970   L $$aBK$$bBook
000003028 971   L $$aMiU
000003028 972   L $$c20040625
000003028 973   L $$aHT$$bavail_ht
000003028 973   L $$aAC$$bavail_circ
000003028 974   L $$umdp.39015030715380$$ric$$d20120530
000003028 998   L $$s9665
