000003441 LDR   L ^^^^^nam^a22002411^^4500
000003441 001   L 000003441
000003441 003   L MiU
000003441 005   L 19880715000000.0
000003441 006   L m^^^^^^^^d^^^^^^^^
000003441 007   L cr^bn^---auaua
000003441 008   L 880715c19681967pau^^^^^^^^^^|00000^eng^^
000003441 010   L $$a68010619
000003441 035   L $$a(RLIN)MIUG0237566-B
000003441 035   L $$a(CaOTULAS)159822019
000003441 035   L $$a(OCoLC)ocm00237566
000003441 035   L $$asdr-nrlf-ucscb167381271
000003441 040   L $$aDLC$$cDLC$$dMiU
000003441 0500  L $$aHE2751$$b.L9
000003441 082   L $$a385/.0973
000003441 1001  L $$aLyon, Peter,$$d1915-
000003441 24510 L $$aTo hell in a day coach;$$ban exasperated look at American railroads.
000003441 250   L $$a[1st ed.]
000003441 260   L $$aPhiladelphia,$$bLippincott,$$c1968 [c1967]
000003441 300   L $$avii, 324 p.$$c22 cm.
000003441 538   L $$aMode of access: Internet.
000003441 650 0 L $$aRailroads$$zUnited States
000003441 8520  L $$aMiU$$bSPEC$$cRARE$$hHE 2751 .L98
000003441 8520  L $$aMiU$$bSPEC$$cTHC$$hHE 2751 .L98
000003441 852   L $$auc1$$bSDR$$cNRLF
000003441 970   L $$aBK$$bBook
000003441 971   L $$aMiU
000003441 972   L $$c20040625
000003441 972   L $$c20040625
000003441 973   L $$aHT$$bavail_ht
000003441 974   L $$umdp.39015023095238$$ric$$d20120530
000003441 974   L $$uuc1.b4912198$$ric$$d20111204
000003441 998   L $$s9665
