000003823 LDR   L ^^^^^nam^a22003011^^4500
000003823 001   L 000003823
000003823 003   L MiU
000003823 005   L 19880715000000.0
000003823 006   L m^^^^^^^^d^^^^^^^^
000003823 007   L cr^bn^---auaua
000003823 008   L 880715s1967^^^^nyu^^^^^^b^^^^00010^eng^^
000003823 010   L $$a67025457
000003823 035   L $$a(RLIN)MIUG0264219-B
000003823 035   L $$a(CaOTULAS)159822454
000003823 035   L $$a(OCoLC)ocm00264219
000003823 035   L $$asdr-nrlfGLAD187507-B
000003823 040   L $$aDLC$$cDLC$$dMiU
000003823 043   L $$an-us---
000003823 0500  L $$aHV4194.A3$$bD3 1967
000003823 082   L $$a362/.9/73
000003823 1001  L $$aDavis, Allen Freeman,$$d1931-
000003823 24510 L $$aSpearheads for reform;$$bthe social settlements and the progressive movement, 1890-1914$$c[by] Allen F. Davis.
000003823 260   L $$aNew York,$$bOxford University Press,$$c1967.
000003823 300   L $$axviii, 322 p.$$c22 cm.
000003823 4900  L $$aUrban life in America series
000003823 502   L $$aIssued in microfilm form as thesis, University of Wisconsin, 1960.
000003823 504   L $$a"A note on sources": p. 247-255. Bibliography: p. 259-304.
000003823 538   L $$aMode of access: Internet.
000003823 650 0 L $$aSocial settlements
000003823 650 0 L $$aProgressivism (United States politics)
000003823 650 0 L $$aCities and towns$$zUnited States.
000003823 8520  L $$aMiU$$bHATCH$$cGRAD$$hHV 4194 .D26
000003823 8520  L $$aMiU$$bHATCH$$cGRAD$$hHV 4194 .D26
000003823 8520  L $$aMiU$$bUGL$$hHV 4194 .D26
000003823 8520  L $$aMiU$$bHATCH$$cGRAD$$hHV 4194 .D26
000003823 970   L $$aBK$$bBook
000003823 971   L $$aMiU
000003823 972   L $$c20040625
000003823 972   L $$c20040625
000003823 972   L $$c20040625
000003823 972   L $$c20040625
000003823 973   L $$aHT$$bavail_ht
000003823 973   L $$aAC$$bavail_circ
000003823 974   L $$umdp.39015002281593$$ric$$d20090807
000003823 974   L $$umdp.39015014594108$$ric$$d20090807
000003823 974   L $$umdp.39015016230438$$ric$$d20120419
000003823 998   L $$s9665
