000004152 LDR   L ^^^^^nam^a22002291^^4500
000004152 001   L 000004152
000004152 003   L MiU
000004152 005   L 19890605000000.0
000004152 006   L m^^^^^^^^d^^^^^^^^
000004152 007   L cr^bn^---auaua
000004152 008   L 880715|1960|||||||^^^^^^^^^^|||||||eng|u
000004152 010   L $$a60005725
000004152 035   L $$a(RLIN)MIUG0289130-B
000004152 035   L $$a(CaOTULAS)159822835
000004152 035   L $$a(OCoLC)ocm00289130
000004152 035   L $$asdr-nrlf.b120345171
000004152 040   L $$cOWibfC$$dMiU$$dCStRLIN
000004152 1001  L $$aLyon, Bryce Dale,$$d1920-
000004152 24512 L $$aA constitutional and legal history of medieval England.
000004152 260   L $$aNew York,$$bHarper$$c[1960]
000004152 300   L $$a671p.$$billus.$$c25 cm.
000004152 504   L $$aIncludes bibliography.
000004152 538   L $$aMode of access: Internet.
000004152 650 0 L $$aLaw$$zGreat Britain$$xHistory
000004152 651 0 L $$aGreat Britain$$xPolitics and government$$yTo 1485.
000004152 8520  L $$aMiU$$bHATCH$$cGRAD$$hJN 137 .L98
000004152 8520  L $$aMiU$$bHATCH$$cGRAD$$hJN 137 .L98
000004152 852   L $$auc1$$bSDR$$cNRLF
000004152 970   L $$aBK$$bBook
000004152 971   L $$aMiU
000004152 972   L $$c20040625
000004152 972   L $$c20040625
000004152 973   L $$aHT$$bavail_ht
000004152 973   L $$aAC$$bavail_circ
000004152 974   L $$umdp.39015004930999$$ric$$d20120530
000004152 974   L $$umdp.39015066017214$$ric
000004152 974   L $$zc.3$$uuc1.b3457094$$ric$$d20100514
000004152 998   L $$s9665
