000004309 LDR   L 00000nam^a22001931^^4500
000004309 001   L 000004309
000004309 003   L MiU
000004309 005   L 20120524152322.0
000004309 006   L m^^^^^^^^d^^^^^^^^
000004309 007   L cr^bn^---auaua
000004309 008   L 880715s1964^^^^nyua^^^j^^^^^^000^1^eng^u
000004309 010   L $$a64019711
000004309 035   L $$a(RLIN)MIUG0301132-B
000004309 035   L $$a(CaOTULAS)159823014
000004309 035   L $$a(OCoLC)ocm00301132
000004309 040   L $$cODaWU$$dInLS$$d*OCL*$$dMiU$$dCStRLIN$$dEYM
000004309 099 0 L $$aP Z7 .F5768 H3
000004309 1001  L $$aFitzhugh, Louise.
000004309 24510 L $$aHarriet, the spy /$$cwritten and illustrated by Louise Fitzhugh.
000004309 260   L $$aNew York :$$bHarper & Row,$$c1964.
000004309 300   L $$a298 p. :$$bill. ;$$c21 cm.
000004309 538   L $$aMode of access: Internet.
000004309 590   L $$aSPEC WLPR: In the Lee Walp Family Juvenile Literature Collection. Gift of the Lee Walp Family.
000004309 590   L $$aSPEC WLPR: Lee Walp’s clippings and notes laid in.
000004309 590   L $$aSPEC WLPR: In dust jacket.
000004309 650 0 L $$aFriendship$$vJuvenile fiction.
000004309 651 0 L $$aNew York (N.Y.)$$vJuvenile fiction.
000004309 8520  L $$aMiU$$bUGL$$hPZ 7 .F555
000004309 8520  L $$aMiU$$bUGL$$hPZ 7 .F555
000004309 8520  L $$aMiU$$bUGL$$cCLC$$hPZ 7 .F555
000004309 8520  L $$aMiU$$bHATCH$$cGRAD$$hPZ 7 .F555
000004309 8520  L $$aMiU$$bSPEC$$cWLPR$$hP Z7 .F5768 H3
000004309 970   L $$aBK$$bBook
000004309 971   L $$aMiU
000004309 972   L $$c20040625
000004309 972   L $$c20040625
000004309 972   L $$c20040625
000004309 972   L $$c20040625
000004309 972   L $$c20120524
000004309 973   L $$aHT$$bavail_ht
000004309 973   L $$aAC$$bavail_circ
000004309 974   L $$umdp.39015058018790$$ric$$d20120530
000004309 997   L $$aMARS
000004309 998   L $$s9665
