000004964 LDR   L ^^^^^nam^a22002291^^4500
000004964 001   L 000004964
000004964 003   L MiU
000004964 005   L 19880715000000.0
000004964 006   L m^^^^^^^^d^^^^^^^^
000004964 007   L cr^bn^---auaua
000004964 008   L 880715|1965|||||||^^^^^^^^^^|||||||eng|u
000004964 010   L $$a65023062
000004964 035   L $$a(RLIN)MIUG0345135-B
000004964 035   L $$a(CaOTULAS)159823753
000004964 035   L $$a(OCoLC)ocm00345135
000004964 040   L $$cOUrC$$dMiU$$dCStRLIN
000004964 1001  L $$aNussbaum, Allen.
000004964 24510 L $$aElectromagnetic theory for engineers and scientists.
000004964 260   L $$aEnglewood Cliffs, N. J.,$$bPrentice-Hall$$c[1965]
000004964 300   L $$axiii, 312 p.$$billus.
000004964 4900  L $$aMicrowaves and fields series
000004964 500   L $$aPrentice-Hall electrical engineering series.
000004964 538   L $$aMode of access: Internet.
000004964 650 0 L $$aElectromagnetic theory
000004964 8520  L $$aMiU$$bSCI$$cBKS$$hQC 670.N975
000004964 8520  L $$aMiU$$bSCI$$cBKS$$hQC 670 .N975
000004964 970   L $$aBK$$bBook
000004964 971   L $$aMiU
000004964 972   L $$c20040625
000004964 972   L $$c20040625
000004964 973   L $$aHT$$bavail_ht
000004964 973   L $$aAC$$bavail_circ
000004964 974   L $$umdp.39015017245518$$ric$$d20120530
000004964 974   L $$umdp.39015017270458$$ric$$d20100306
000004964 998   L $$s9665
