000005123 LDR   L ^^^^^nam^a22002171^^4500
000005123 001   L 000005123
000005123 003   L MiU
000005123 005   L 19880715000000.0
000005123 006   L m^^^^^^^^d^^^^^^^^
000005123 007   L cr^bn^---auaua
000005123 008   L 880715|1965|||||||^^^^^^^^^^|||||||eng|u
000005123 010   L $$a65018827
000005123 035   L $$a(RLIN)MIUG0358204-B
000005123 035   L $$a(CaOTULAS)159823931
000005123 035   L $$a(OCoLC)ocm00358204
000005123 040   L $$cODaWU$$dMiU$$dCStRLIN
000005123 1001  L $$aPotter, Stephen,$$d1900-1969.
000005123 24510 L $$aColeridge and S.T.C.
000005123 260   L $$aNew York,$$bRussell & Russell,$$c1965.
000005123 300   L $$a284 p.
000005123 504   L $$aBibliography: p. 281-282.
000005123 538   L $$aMode of access: Internet.
000005123 60010 L $$aColeridge, Samuel Taylor,$$d1772-1834.
000005123 8521  L $$aMiU$$bBUHR$$cGRAD$$h828 C693O P87 1965
000005123 970   L $$aBK$$bBook
000005123 971   L $$aMiU
000005123 972   L $$c20040625
000005123 973   L $$aHT$$bavail_ht
000005123 973   L $$aAC$$bavail_circ
000005123 974   L $$umdp.39015030723566$$ric$$d20120530
000005123 998   L $$s9665
