000005617 LDR   L ^^^^^nam^a22002051^^4500
000005617 001   L 000005617
000005617 003   L MiU
000005617 005   L 19880715000000.0
000005617 006   L m^^^^^^^^d^^^^^^^^
000005617 007   L cr^bn^---auaua
000005617 008   L 880715|1971|||||||^^^^^^^^^^|||||||eng|u
000005617 035   L $$a(RLIN)MIUG0400752-B
000005617 035   L $$a(CaOTULAS)159824485
000005617 035   L $$a(OCoLC)ocm00400752
000005617 040   L $$cOU$$dMiU$$dCStRLIN
000005617 1001  L $$aSchlesinger, Janet.
000005617 24510 L $$aChallenge to the urban orchestra;$$bthe case of the Pittsburgh Symphony.
000005617 260   L $$a[Pittsburgh?,$$cc1971]
000005617 300   L $$a163 p.$$c29 cm.
000005617 504   L $$aBibliography: p. 158-163.
000005617 538   L $$aMode of access: Internet.
000005617 61020 L $$aPittsburgh Symphony Orchestra.
000005617 8520  L $$aMiU$$bBUHR$$cMUSI$$hML 200.8 .P69 S34
000005617 970   L $$aBK$$bBook
000005617 971   L $$aMiU
000005617 972   L $$c20040625
000005617 973   L $$aHT$$bavail_ht
000005617 973   L $$aAC$$bavail_circ
000005617 974   L $$umdp.39015007987756$$ric$$d20120525
000005617 998   L $$s9665
