000005933 LDR   L ^^^^^nam^a22002291^^4500
000005933 001   L 000005933
000005933 003   L MiU
000005933 005   L 19990430000000.0
000005933 006   L m^^^^^^^^d^^^^^^^^
000005933 007   L cr^bn^---auaua
000005933 008   L 880715|1957|||||||^^^^^^^^^^|||||||eng|u
000005933 035   L $$a(RLIN)MIUG0424414-B
000005933 035   L $$a(CaOTULAS)159824847
000005933 035   L $$a(OCoLC)ocm00424414
000005933 040   L $$cOWorP$$dMiU$$dCStRLIN
000005933 1001  L $$aCunningham, Noble E
000005933 24514 L $$aThe Jeffersonian Republicans;$$bthe formation of party organization, 1789-1801,$$cby Noble E. Cunningham.
000005933 260   L $$aChapel Hill,$$bPublished for the Institute of Early American History and Culture at Williamsburg by the Univ. of N. Car. Pr.$$c[c1957]
000005933 300   L $$ax, 279 p.$$bfacsims.$$c24 cm.
000005933 538   L $$aMode of access: Internet.
000005933 61020 L $$aDemocratic Party (U.S.)$$xHistory.
000005933 651 0 L $$aUnited States$$xPolitics and government$$y1789-1809.
000005933 650 0 L $$aPolitical parties$$zUnited States$$xHistory.
000005933 7102  L $$aInstitute of Early American History and Culture (Williamsburg, Va.)
000005933 8520  L $$aMiU$$bHATCH$$cGRAD$$hJK 2316 .C97
000005933 8520  L $$aMiU$$bHATCH$$cGRAD$$hJK 2316 .C97
000005933 970   L $$aBK$$bBook
000005933 971   L $$aMiU
000005933 972   L $$c20040625
000005933 972   L $$c20040625
000005933 973   L $$aHT$$bavail_ht
000005933 973   L $$aAC$$bavail_circ
000005933 974   L $$umdp.39015007045035$$ric$$d20120530
000005933 974   L $$umdp.39015066018212$$ric
000005933 998   L $$s9665
