000006347 LDR   L ^^^^^nam^a22002531^^4500
000006347 001   L 000006347
000006347 003   L MiU
000006347 005   L 19880715000000.0
000006347 006   L m^^^^^^^^d^^^^^^^^
000006347 007   L cr^bn^---auaua
000006347 008   L 880715|1972|||||||^^^^^^^^^^|||||||eng|u
000006347 035   L $$a(RLIN)MIUG0477263-B
000006347 035   L $$a(CaOTULAS)159825319
000006347 035   L $$a(OCoLC)ocm00477263
000006347 040   L $$cOCX$$dMiU$$dCStRLIN
000006347 082   L $$a417/.7
000006347 1001  L $$aCottrell, Leonard.
000006347 24510 L $$aReading the past;$$bthe story of deciphering ancient languages$$c[by] Leonard Cottrell.
000006347 260   L $$aLondon,$$bJ. M. Dent & Sons$$c[1972]
000006347 300   L $$aviii, 182 p.$$billus.$$c24 cm.
000006347 504   L $$aBibliography: p. 171-173.
000006347 538   L $$aMode of access: Internet.
000006347 650 0 L $$aHieroglyphics.
000006347 650 0 L $$aCuneiform writing
000006347 650 0 L $$aAlphabet.
000006347 650 0 L $$aWriting$$xHistory
000006347 8520  L $$aMiU$$bHATCH$$cGRAD$$hP211 .C84 1972
000006347 970   L $$aBK$$bBook
000006347 971   L $$aMiU
000006347 972   L $$c20040625
000006347 973   L $$aHT$$bavail_ht
000006347 973   L $$aAC$$bavail_circ
000006347 974   L $$umdp.39015003847020$$ric$$d20120530
000006347 998   L $$s9665
