000006850 LDR   L ^^^^^nam^a22003371^^4500
000006850 001   L 000006850
000006850 003   L MiU
000006850 005   L 20010806000000.0
000006850 008   L 880715s1967^^^^ilu^^^^^^b^^^^00010^eng^^
000006850 010   L $$a66020582
000006850 035   L $$a(RLIN)MIUG0513381-B
000006850 035   L $$a(CaOTULAS)159825875
000006850 035   L $$a(OCoLC)ocm00513381
000006850 035   L $$asdr-umdb.b10778883
000006850 040   L $$aDLC$$cDLC$$dMiU
000006850 0411  L $$aeng$$hrus
000006850 043   L $$ae-ur---
000006850 1001  L $$aSchwarz, Solomon M.
000006850 24010 L $$aMenʹshevizm i bolʹshevizm v ikh otnoshenii k massovomu rabochemu dvizhenii︠u︡.$$lEnglish
000006850 24514 L $$aThe Russian Revolution of 1905 :$$bthe workers' movement and the formation of Bolshevism and Menshevism /$$c[by] Solomon M. Schwarz ; Translated by Gertrude Vakar.
000006850 260   L $$aChicago :$$bUniversity of Chicago Press,$$c[1967]
000006850 300   L $$axxii, 361 p. ;$$c24 cm.
000006850 4900  L $$aHoover Institution publications
000006850 4900  L $$aHistory of Menshevism
000006850 500   L $$aTranslation and expansion of Menʹshevizm i bolʹshevizm v ikh otnoshenii k massovomu rabochemu dvizhenii︠u︡.
000006850 500   L $$a"One of a series arising from the work of the Inter-university Project on the History of the Menshevik Movement."
000006850 504   L $$aIncludes bibliographical references.
000006850 61020 L $$aRossiĭskai︠a︡ sot︠s︡ial-demokraticheskai︠a︡ rabochai︠a︡ partii︠a︡.
000006850 650 0 L $$aLabor movement$$zSoviet Union.
000006850 651 0 L $$aRussia$$xHistory$$yRevolution, 1905-1907.
000006850 7102  L $$aInter-university Project on the History of the Menshevik Movement.
000006850 8520  L $$aMiU$$bHATCH$$cGRAD$$hJN6598.R8 S423
000006850 8520  L $$aMiU$$bHATCH$$cGRAD$$hJN6598.R8 S423
000006850 8520  L $$aMiU$$bSPEC$$cLABD$$hJN 6598 .R8 S423$$x30215341
000006850 970   L $$aBK$$bBook
000006850 971   L $$aMiU
000006850 972   L $$c20040625
000006850 972   L $$c20040625
000006850 972   L $$c20040625
000006850 973   L $$aAC$$bavail_circ
000006850 998   L $$s9615
