000008015 LDR   L ^^^^^nam^a22002411^^4500
000008015 001   L 000008015
000008015 003   L MiU
000008015 005   L 19890306000000.0
000008015 006   L m^^^^^^^^d^^^^^^^^
000008015 007   L cr^bn^---auaua
000008015 008   L 880715s1973^^^^nyua^^^^^d^^^|00000^eng^^
000008015 010   L $$a73153601
000008015 035   L $$a(RLIN)MIUG0590313-B
000008015 035   L $$a(CaOTULAS)159827164
000008015 035   L $$a(OCoLC)ocm00590313
000008015 040   L $$aDLC$$cDLC$$dMiU
000008015 0500  L $$aPE1625$$b.S713 1973
000008015 082   L $$a423
000008015 24500 L $$aFunk & Wagnalls standard dictionary of the English language.
000008015 250   L $$aInternational ed.,$$bwith special supplementary features.
000008015 260   L $$aNew York,$$bFunk & Wagnalls$$c[1973]
000008015 300   L $$a2 v. (xx, 1695 p.)$$billus. (part col.)$$c29 cm.
000008015 538   L $$aMode of access: Internet.
000008015 650 0 L $$aEnglish language$$xDictionaries
000008015 7400  L $$aFunk and Wagnalls standard dictionary of the English language.
000008015 8520  L $$aMiU$$bHATCH$$cGRAD$$hPE 1625 .S785 1973$$xtr. fr. GLRF 9-5-97
000008015 970   L $$aBK$$bBook
000008015 970   L $$aDI$$bDictionaries
000008015 971   L $$aMiU
000008015 972   L $$c20040625
000008015 973   L $$aHT$$bavail_ht
000008015 973   L $$aAC$$bavail_circ
000008015 974   L $$zv.1$$umdp.39015066305270$$ric$$d20120530
000008015 974   L $$zv.2$$umdp.39015066305429$$ric
000008015 998   L $$s9665
