000008105 LDR   L 00000nam^a22002531^^4500
000008105 001   L 000008105
000008105 003   L MiU
000008105 005   L 20071115093023.0
000008105 006   L m^^^^^^^^d^^^^^^^^
000008105 007   L cr^bn^---auaua
000008105 008   L 880715s1973^^^^nyu^^^^^^^^^^|00010^eng^^
000008105 010   L $$a72014035
000008105 020   L $$a0442214707$$c$5.95
000008105 035   L $$a(RLIN)MIUG0595319-B
000008105 035   L $$a(CaOTULAS)159827258
000008105 035   L $$a(OCoLC)ocm00595319
000008105 035   L $$asdr-wu88160
000008105 040   L $$aDLC$$cDLC$$dMiU
000008105 043   L $$an-us---
000008105 0500  L $$aHQ536$$b.B86
000008105 082   L $$a301.42/0973
000008105 1001  L $$aBurger, Robert E.
000008105 24514 L $$aThe love contract;$$bhandbook for a liberated marriage$$c[by] Robert E. Burger.
000008105 260   L $$aNew York,$$bVan Nostrand Reinhold$$c[1973]
000008105 300   L $$aix, 107 p.$$c24 cm.
000008105 538   L $$aMode of access: Internet.
000008105 650 0 L $$aMarriage$$zUnited States
000008105 852   L $$awu$$bSDR$$cWU
000008105 970   L $$aBK$$bBook
000008105 971   L $$aMiU
000008105 973   L $$aHT$$bavail_ht
000008105 973   L $$aAC$$bavail_circ
000008105 974   L $$uwu.89031137284$$ric$$d20120530
000008105 998   L $$s9665
