000008459 LDR   L ^^^^^nam^a22002171^^4500
000008459 001   L 000008459
000008459 003   L MiU
000008459 005   L 19880715000000.0
000008459 006   L m^^^^^^^^d^^^^^^^^
000008459 007   L cr^bn^---auaua
000008459 008   L 880715|1970|||||||^^^^^^^^^^|||||||ita|u
000008459 010   L $$a76881291
000008459 035   L $$a(RLIN)MIUG0615380-B
000008459 035   L $$a(CaOTULAS)159827651
000008459 035   L $$a(OCoLC)ocm00615380
000008459 035   L $$asdr-nrlfGLAD17038931-B
000008459 040   L $$cOCU$$dMiU$$dCStRLIN
000008459 050 4 L $$aPA2402$$b.S21
000008459 1001  L $$aSavelli, Angelo,$$d1930-
000008459 24510 L $$aNuovissime interpretazioni etrusche.$$bLe lamine d'oro di Pyrgi, l'iscrizione estrusco-latina del Lapis Niger, la stele greco-tirrena di Lemno.
000008459 260   L $$aBologna,$$bTip. Accorsi,$$c1970.
000008459 300   L $$a78 p.$$c24 cm.
000008459 538   L $$aMode of access: Internet.
000008459 650 0 L $$aInscriptions, Etruscan
000008459 8520  L $$aMiU$$bHATCH$$cGRAD$$hPA2402 .S21
000008459 852   L $$auc1$$bSDR$$cNRLF
000008459 970   L $$aBK$$bBook
000008459 971   L $$aMiU
000008459 972   L $$c20040625
000008459 973   L $$aHT$$bavail_ht
000008459 973   L $$aAC$$bavail_circ
000008459 974   L $$umdp.39015025030563$$ric$$d20120530
000008459 974   L $$uuc1.b3176758$$ric$$d20090915
000008459 998   L $$s9665
