000009080 LDR   L ^^^^^nam^a22003011^^4500
000009080 001   L 000009080
000009080 003   L MiU
000009080 005   L 19880715000000.0
000009080 006   L m^^^^^^^^d^^^^^^^^
000009080 007   L cr^bn^---auaua
000009080 008   L 880715s1972^^^^enka^^^^^b^^^|00110^engx^
000009080 010   L $$a73160987
000009080 015   L $$aB73-00589
000009080 020   L $$a0140806652$$c£1.25
000009080 035   L $$a(RLIN)MIUG0651225-B
000009080 035   L $$a(CaOTULAS)159828340
000009080 035   L $$a(OCoLC)ocm00651225
000009080 040   L $$aDLC$$cDLC$$dMiU$$dCStRLIN
000009080 0500  L $$aP41$$b.P72
000009080 082   L $$a301.2/1
000009080 1001  L $$aPride, J. B. E.
000009080 24510 L $$aSociolinguistics: selected readings;$$cedited by J. B. Pride and Janet Holmes.
000009080 260   L $$a[Harmondsworth,]$$bPenguin,$$c[1972]
000009080 300   L $$a381 p.$$billus.$$c20 cm. index.
000009080 4900  L $$aPenguin education
000009080 4900  L $$aPenguin modern linguistics readings
000009080 504   L $$aBibliography: p. 367-369.
000009080 538   L $$aMode of access: Internet.
000009080 650 0 L $$aSociolinguistics.
000009080 7001  L $$aHolmes, Janet.$$ejoint comp.
000009080 8520  L $$aMiU$$bHATCH$$cGRAD$$hP 41 .P946
000009080 970   L $$aBK$$bBook
000009080 971   L $$aMiU
000009080 972   L $$c20040625
000009080 973   L $$aHT$$bavail_ht
000009080 973   L $$aAC$$bavail_circ
000009080 974   L $$umdp.39015019228280$$ric$$d20120530
000009080 998   L $$s9665
