000009820 LDR   L ^^^^^nam^a22002531^^4500
000009820 001   L 000009820
000009820 003   L MiU
000009820 005   L 19880715000000.0
000009820 006   L m^^^^^^^^d^^^^^^^^
000009820 007   L cr^bn^---auaua
000009820 008   L 880715s1973^^^^nyu^^^^^^b^^^^00010beng^^
000009820 010   L $$a73000507
000009820 035   L $$a(RLIN)MIUG0695465-B
000009820 035   L $$a(CaOTULAS)159829137
000009820 035   L $$a(OCoLC)ocm00695465
000009820 040   L $$aDLC$$cDLC$$dMiU
000009820 0500  L $$aPS1291$$b.H8
000009820 082   L $$a811/.2
000009820 1001  L $$aHudspeth, Robert N.
000009820 24500 L $$aEllery Channing,$$cby Robert N. Hudspeth.
000009820 260   L $$aNew York,$$bTwayne Publishers$$c[1973]
000009820 300   L $$a182 p.$$c21 cm.
000009820 4900  L $$aTwayne's United States authors series,$$vTUSAS 223
000009820 504   L $$aBibliography: p. 171-177.
000009820 538   L $$aMode of access: Internet.
000009820 60010 L $$aChanning, William Ellery,$$d1817-1901.
000009820 8521  L $$aMiU$$bBUHR$$cGRAD$$h828 C458O H88
000009820 970   L $$aBK$$bBook
000009820 970   L $$aBI$$bBiography
000009820 971   L $$aMiU
000009820 972   L $$c20040625
000009820 973   L $$aHT$$bavail_ht
000009820 973   L $$aAC$$bavail_circ
000009820 974   L $$umdp.39015030727799$$ric$$d20120530
000009820 998   L $$s9125
