000010179 LDR   L ^^^^^nam^a22002411^^4500
000010179 001   L 000010179
000010179 003   L MiU
000010179 005   L 19880715000000.0
000010179 006   L m^^^^^^^^d^^^^^^^^
000010179 007   L cr^bn^---auaua
000010179 008   L 880715s1962^^^^nyu^^^^^^^^^^^00001^eng^^
000010179 010   L $$a62009606/L/r66
000010179 035   L $$a(RLIN)MIUG0710844-B
000010179 035   L $$a(CaOTULAS)159829527
000010179 035   L $$a(OCoLC)ocm00710844
000010179 035   L $$asdr-ucsc.b15850766
000010179 040   L $$aDLC$$cDLC$$dMiU
000010179 0411  L $$aenggre
000010179 0500  L $$aPZ3.K1884$$bSai
000010179 1001  L $$aKazantzakis, Nikos,$$d1883-1957.
000010179 24003 L $$aHo phtochoules tou Theou.$$lEnglish
000010179 24500 L $$aSaint Francis,$$ba novel.$$cTranslated from the Greek by P. A. Bien.
000010179 260   L $$aNew York,$$bSimon and Schuster,$$c1962.
000010179 300   L $$a379 p.$$c22 cm.
000010179 538   L $$aMode of access: Internet.
000010179 60000 L $$aFrancis,$$cof Assisi, Saint,$$d1182-1226$$xFiction.
000010179 8520  L $$aMiU$$bHATCH$$cGRAD$$hPA 5610 .K23 P53
000010179 852   L $$auc1$$bSDR$$cUCSC
000010179 970   L $$aBK$$bBook
000010179 971   L $$aMiU
000010179 972   L $$c20040625
000010179 973   L $$aHT$$bavail_ht
000010179 973   L $$aAC$$bavail_circ
000010179 974   L $$umdp.39015002669383$$ric$$d20120530
000010179 974   L $$uuc1.32106006141748$$ric$$d20100906
000010179 974   L $$uuc1.32106016310622$$ric$$d20100906
000010179 998   L $$s9665
