000010638 LDR   L ^^^^^nam^a22002171^^4500
000010638 001   L 000010638
000010638 003   L MiU
000010638 005   L 19990204000000.0
000010638 006   L m^^^^^^^^d^^^^^^^^
000010638 007   L cr^bn^---auaua
000010638 008   L 880715|1971|||||||^^^^^^^^^^|||||||spa|u
000010638 035   L $$a(RLIN)MIUG0735125-B
000010638 035   L $$a(CaOTULAS)159830027
000010638 035   L $$a(OCoLC)ocm17092730
000010638 040   L $$cNIC$$dMiU$$dCStRLIN
000010638 1001  L $$aHudson, W. H.$$q(William Henry),$$d1841-1922.
000010638 24510 L $$aHudson en Quilmes y Chascomus.$$cEstudio, selección y notas de Alcides Degiuseppe.
000010638 260   L $$aLa Plata,$$bMinisterio de Educación, Subsecretaria de Cultura$$c[1971]
000010638 300   L $$a101 p.$$c23 cm.
000010638 4901  L $$aCuadernos del Instituto de Literatura, 8
000010638 538   L $$aMode of access: Internet.
000010638 7001  L $$aDegiuseppe, Alcides.
000010638 830 0 L $$aCuadernos del Instituto de Literatura : Serie "Nuestra provincia" ;$$v8
000010638 8521  L $$aMiU$$bBUHR$$cGRAD$$h828 H8861, D32
000010638 970   L $$aBK$$bBook
000010638 971   L $$aMiU
000010638 972   L $$c20040625
000010638 973   L $$aHT$$bavail_ht
000010638 973   L $$aAC$$bavail_circ
000010638 974   L $$umdp.39015002388257$$ric$$d20120530
000010638 998   L $$s9665
