000010709 LDR   L ^^^^^nam^a22002771^^4500
000010709 001   L 000010709
000010709 003   L MiU
000010709 005   L 19880715000000.0
000010709 006   L m^^^^^^^^d^^^^^^^^
000010709 007   L cr^bn^---auaua
000010709 008   L 880715|1973|||||||^^^^^^^^^^|||||||ger|u
000010709 010   L $$a73348769
000010709 035   L $$a(RLIN)MIUG0738825-B
000010709 035   L $$a(CaOTULAS)159830103
000010709 035   L $$a(OCoLC)ocm00738825
000010709 040   L $$cOOxM$$dMiU$$dCStRLIN
000010709 0410  L $$agerlat
000010709 050   L $$aPA8570.R5$$bH6 1973
000010709 1001  L $$aReuchlin, Johann,$$d1455-1522.
000010709 24510 L $$aJohann Reuchlins Komödien;$$bein Beitrag zur Geschichte des lateinischen Schuldramas.
000010709 260   L $$aHalle a. S.,$$bVerlag der Buchhandlung des Waisenhauses,$$c1888$$a[Leipzig,$$bZentralantiquariat der Deutschen Demokratischen Republik,$$c1973]
000010709 300   L $$aviii, 172 p.$$c21 cm.
000010709 500   L $$aIncludes text of J. Reuchlin's Progymnasmata scenica and his Sergius.
000010709 504   L $$aBibliography: p. [155]-166.
000010709 538   L $$aMode of access: Internet.
000010709 7001  L $$aHolstein, Hugo,$$d1834-1904.
000010709 7001  L $$aReuchlin, Johann,$$d1455-1522.$$tProgymnasmata scenica.$$f1973.
000010709 7001  L $$aReuchlin, Johann,$$d1455-1522.$$tSergius.$$f1973.
000010709 8520  L $$aMiU$$bHATCH$$cGRAD$$hPA8570.R5A6 H75 1888 a
000010709 970   L $$aBK$$bBook
000010709 971   L $$aMiU
000010709 972   L $$c20040625
000010709 973   L $$aHT$$bavail_ht
000010709 973   L $$aHA$$bavail_ht_fulltext
000010709 973   L $$aAO$$bavail_online
000010709 973   L $$aAC$$bavail_circ
000010709 974   L $$umdp.39015017693311$$rpdus$$d20120530
000010709 998   L $$s9665
