000011552 LDR   L ^^^^^nam^a22002651^^4500
000011552 001   L 000011552
000011552 003   L MiU
000011552 005   L 19880715000000.0
000011552 006   L m^^^^^^^^d^^^^^^^^
000011552 007   L cr^bn^---auaua
000011552 008   L 880715m19711972mau^^^^^^b^^^^00000^lat^u
000011552 035   L $$a(RLIN)MIUG0786193-B
000011552 035   L $$a(CaOTULAS)159831006
000011552 035   L $$a(OCoLC)ocm00187779
000011552 040   L $$cOCU$$dMiU$$dCStRLIN
000011552 0410  L $$alateng
000011552 1001  L $$aSeneca, Lucius Annaeus,$$dca. 4 B.C.-65 A.D.
000011552 24010 L $$aNaturales quaestiones.$$lEnglish & Latin.$$sCorcoran
000011552 24510 L $$aNaturales quaestiones.$$cWith an English translation by Thomas H. Corcoran.
000011552 260   L $$aCambridge, Mass.,$$bHarvard University Press,$$c1971-1972.
000011552 300   L $$a2 v.$$c17 cm.
000011552 4900  L $$aSeneca in ten volumes,$$vVII, X
000011552 4900  L $$aLoeb classical library. [Latin authors]$$vno. 450, 457
000011552 504   L $$aBibliography: v. 1, p. xxvii-xxix.
000011552 5050  L $$a1. Book I-III.--2. Book IV-VII.
000011552 538   L $$aMode of access: Internet.
000011552 7001  L $$aCorcoran, Thomas H.$$etr.
000011552 8521  L $$aMiU$$bHATCH$$cGRAD$$h878 S2na 1971
000011552 8520  L $$aMiU$$bHATCH$$cGRAD$$hPA6661 .N3 1971
000011552 970   L $$aBK$$bBook
000011552 971   L $$aMiU
000011552 972   L $$c20040625
000011552 972   L $$c20040625
000011552 973   L $$aHT$$bavail_ht
000011552 973   L $$aAC$$bavail_circ
000011552 974   L $$zv.1$$umdp.39015008723838$$ric
000011552 974   L $$zv.1$$umdp.39015010681172$$ric$$d20120530
000011552 974   L $$zv.2$$umdp.39015004109255$$ric
000011552 974   L $$zv.2$$umdp.39015010681180$$ric$$d20120524
000011552 974   L $$zv.2$$umdp.39015019055956$$ric
000011552 998   L $$s9125
