000012062 LDR   L ^^^^^nam^a22002531^^4500
000012062 001   L 000012062
000012062 003   L MiU
000012062 005   L 19880715000000.0
000012062 006   L m^^^^^^^^d^^^^^^^^
000012062 007   L cr^bn^---auaua
000012062 008   L 880715s1973^^^^nyua^^^^^^^^^^00010^eng^^
000012062 010   L $$a72097069
000012062 020   L $$a0913634093$$c$19.95
000012062 035   L $$a(RLIN)MIUG0804868-B
000012062 035   L $$a(CaOTULAS)159831548
000012062 035   L $$a(OCoLC)ocm00804868
000012062 040   L $$aDLC$$cDLC$$dMiU
000012062 0500  L $$aTH1199$$b.K46
000012062 082   L $$a693
000012062 1001  L $$aKenny, Michael F.
000012062 24510 L $$aMasonry estimating handbook$$c[by] Michael F. Kenny.
000012062 250   L $$a[1st ed.]
000012062 260   L $$aNew York,$$bConstruction Pub. Co.$$c[1973]
000012062 300   L $$avii, 136 p.$$billus.$$c28 cm.
000012062 538   L $$aMode of access: Internet.
000012062 650 0 L $$aMasonry$$xEstimates.
000012062 8520  L $$aMiU$$bBUHR$$cAAEL$$hTH1199 .K36
000012062 970   L $$aBK$$bBook
000012062 971   L $$aMiU
000012062 972   L $$c20040625
000012062 973   L $$aHT$$bavail_ht
000012062 973   L $$aAC$$bavail_circ
000012062 974   L $$umdp.39015007230496$$ric$$d20120530
000012062 998   L $$s9665
