000013155 LDR   L ^^^^^nam^a22001931^^4500
000013155 001   L 000013155
000013155 003   L MiU
000013155 005   L 19880715000000.0
000013155 006   L m^^^^^^^^d^^^^^^^^
000013155 007   L cr^bn^---auaua
000013155 008   L 880715|1974|||||||^^^^^^^^^^|||||||eng^u
000013155 035   L $$a(RLIN)MIUG0855581-B
000013155 035   L $$a(CaOTULAS)159832723
000013155 035   L $$a(OCoLC)ocm00855581
000013155 040   L $$cNBuU$$dMiU$$dCStRLIN
000013155 1001  L $$aHaines, John,$$d1924-2011.
000013155 24510 L $$aLeaves and ashes;$$bpoems$$cby John Haines.
000013155 260   L $$a[Santa Cruz.$$bKayak Books,$$c1974]
000013155 300   L $$a52 p.$$billus.$$c21 cm.
000013155 500   L $$aPublished in collaboration with West coast poetry review, Reno, Nevada.
000013155 538   L $$aMode of access: Internet.
000013155 8521  L $$aMiU$$bBUHR$$cGRAD$$h828 H1534Le
000013155 970   L $$aBK$$bBook
000013155 971   L $$aMiU
000013155 972   L $$c20040625
000013155 973   L $$aHT$$bavail_ht
000013155 973   L $$aAC$$bavail_circ
000013155 974   L $$umdp.39015028563222$$ric$$d20120530
000013155 998   L $$s9665
