000013410 LDR   L ^^^^^nam^a22002771^^4500
000013410 001   L 000013410
000013410 003   L MiU
000013410 005   L 19880715000000.0
000013410 006   L m^^^^^^^^d^^^^^^^^
000013410 007   L cr^bn^---auaua
000013410 008   L 880715s1973^^^^quccf^^^^b^^^^00010bfre^^
000013410 010   L $$a74158672
000013410 015   L $$aC73-3537
000013410 020   L $$a0775504688$$c$5.00
000013410 035   L $$a(RLIN)MIUG0867095-B
000013410 035   L $$a(CaOTULAS)159832998
000013410 035   L $$a(OCoLC)ocm00867095
000013410 040   L $$aDLC$$cDLC$$dMiU
000013410 050 4 L $$aNB249.H34$$bH321
000013410 082   L $$a730/.92/4
000013410 1001  L $$aHébert, Bruno.
000013410 24500 L $$aPhilippe Hébert, sculpteur,$$cpar Bruno Hébert.
000013410 260   L $$aMontréal,$$bFides,$$c1973.
000013410 300   L $$a157 p.$$b[16] l. of plates (ports.)$$c22 cm.
000013410 4900  L $$aVies canadiennes
000013410 504   L $$aBibliography: p. 150-153.
000013410 538   L $$aMode of access: Internet.
000013410 60010 L $$aHébert, Philippe,$$d1850-1917.
000013410 8520  L $$aMiU$$bBUHR$$cGRAD$$hNB249.H34 H321
000013410 970   L $$aBK$$bBook
000013410 970   L $$aBI$$bBiography
000013410 971   L $$aMiU
000013410 972   L $$c20040625
000013410 973   L $$aHT$$bavail_ht
000013410 973   L $$aAC$$bavail_circ
000013410 974   L $$umdp.39015031969242$$ric$$d20120530
000013410 998   L $$s9665
