000014357 LDR   L 00000nam^a22003131^^4500
000014357 001   L 000014357
000014357 003   L MiU
000014357 005   L 20120522122941.0
000014357 008   L 880715s1973^^^^sz^a^^^^^b^^^^101^0^eng^^
000014357 010   L $$a74163614
000014357 015   L $$aSw***
000014357 020   L $$a3805515713 (v. 1)$$c286.00F ($88.70 U.S.) per vol.
000014357 035   L $$a(RLIN)MIUG0903429-B
000014357 035   L $$a(CaOTULAS)159834006
000014357 035   L $$a(OCoLC)ocm00903429
000014357 040   L $$aDLC$$cDLC$$dMiU
000014357 05000 L $$aQP106.6$$b.E9 1972
000014357 0820  L $$a612/.13
000014357 1112  L $$aEuropean Conference on Microcirculation$$n(7th :$$d1972 :$$cAberdeen, Scot.)
000014357 24510 L $$a7th European Conference on Microcirculation /$$cEdited by J. Ditzel and D. H. Lewis.
000014357 260   L $$aBasel,$$aNew York :$$bS. Karger,$$c1973.
000014357 300   L $$a2 v.$$billus. (part col.)$$c25 cm.
000014357 440 0 L $$aBibliotheca anatomica ;$$vno. 11, 12
000014357 504   L $$aIncludes bibliographies.
000014357 5050  L $$apt. 1. Methodology in microcirculation.--pt. 2. Clinical aspects of microcirculation.
000014357 650 0 L $$aMicrocirculation$$vCongresses.
000014357 7001  L $$aDitzel, Jørn,$$d1924-
000014357 7001  L $$aLewis, David H.
000014357 8528  L $$aMiU$$bTAUB$$cPER$$hJournals no.11-12
000014357 970   L $$aBK$$bBook
000014357 970   L $$aXC$$bConference
000014357 971   L $$aMiU
000014357 972   L $$c20040625
000014357 973   L $$aAC$$bavail_circ
000014357 997   L $$aMARS
000014357 998   L $$s9665
