000014664 LDR   L ^^^^^nam^a22002531^^4500
000014664 001   L 000014664
000014664 003   L MiU
000014664 005   L 19880715000000.0
000014664 006   L m^^^^^^^^d^^^^^^^^
000014664 007   L cr^bn^---auaua
000014664 008   L 880715|1973|||||||^^^^^^^^^^|||||||eng^u
000014664 035   L $$a(RLIN)MIUG0917617-B
000014664 035   L $$a(CaOTULAS)159834326
000014664 035   L $$a(OCoLC)ocm00917617
000014664 040   L $$cNIC$$dMiU$$dCStRLIN
000014664 082   L $$a080 s$$a418/.007/12485
000014664 1001  L $$aElek, Tibor von.
000014664 24510 L $$aTeaching foreign language grammar to adults.$$bA comparative study.$$cBy Tibor von Elek and Mats Oskarsson.
000014664 260   L $$aStockholm,$$bAlmqvist & Wiksell$$c[1973]
000014664 300   L $$a242 p.$$billus.$$c23cm.
000014664 440 0 L $$aGothenburg studies in English.$$v26
000014664 500   L $$aAt head of title: Acta Universitatis Gothoburgensis
000014664 504   L $$aBibliography: p. [216]-224.
000014664 538   L $$aMode of access: Internet.
000014664 650 0 L $$aLanguages, Modern$$xStudy and teaching
000014664 7001  L $$aOskarsson, Mats,$$d1939-
000014664 8521  L $$aMiU$$bBUHR$$cGRAD$$h820.6 G684 v.26
000014664 970   L $$aBK$$bBook
000014664 971   L $$aMiU
000014664 972   L $$c20040625
000014664 973   L $$aHT$$bavail_ht
000014664 973   L $$aAC$$bavail_circ
000014664 974   L $$umdp.39015019065583$$ric$$d20120530
000014664 998   L $$s9665
