000014841 LDR   L 00000nam^a22002891^^4500
000014841 001   L 000014841
000014841 003   L MiU
000014841 005   L 20120530122447.0
000014841 006   L m^^^^^^^^d^^^^^^^^
000014841 007   L cr^bn^---auaua
000014841 008   L 880715|1973|||||||^^^^^^^^^^|||||||fre^u
000014841 020   L $$a906004326X
000014841 035   L $$a(RLIN)MIUG0925500-B
000014841 035   L $$a(CaOTULAS)159834512
000014841 035   L $$a(OCoLC)ocm00925500
000014841 040   L $$cMH-AH$$dMiU$$dCStRLIN
000014841 1001  L $$aTheux, X. de$$q(Xavier),$$d1838-1896.
000014841 24510 L $$aBibliographie liégeoise,$$bcontenant: 1? les livres imprimés à Liége depuis le XVIe siècle jusqu'à nos jours, 2? les ouvrages publiés en Belgique et à l'étranger, concernant l'histoire de l'ancienne principauté de Liége et de la province actuelle du même nom,$$cpar le Chev. de Theux de Montjardin.
000014841 250   L $$a2. éd.,$$baugm.
000014841 260   L $$aNieuwkoop,$$bDe Graaf,$$c1973.
000014841 300   L $$aviii, 1713 col.$$c31 cm.
000014841 500   L $$aReprint of the edition Bruges, l885.
000014841 500   L $$aThree columns to the page. (Introduction in double columns)
000014841 500   L $$a"Liste des articles publiés dans les revues belges sur l'histoire du pays de Liége": col. 1549-1581.
000014841 500   L $$a"Table des articles concernant l'ancienne principauté de Liége contenus dans l'ouvrage de Potthast, Bibliotheca medii aevi": col. 1582-1584.
000014841 538   L $$aMode of access: Internet.
000014841 650 0 L $$aBelgian literature$$xBibliography.
000014841 650 0 L $$aPrinting$$zBelgium$$zLiége.
000014841 651 0 L $$aLiège (Belgium)$$xBibliography.
000014841 8520  L $$aMiU$$bBUHR$$cGRAD$$hZ2424.L72 T42 1973